<?xml version="1.0" encoding="UTF-8"?><collection xmlns="http://www.loc.gov/MARC21/slim"><record><leader>00494nam--2200181-i-4500</leader><controlfield tag="001">000050149</controlfield><controlfield tag="002">20161230</controlfield><controlfield tag="005">20161230201048</controlfield><controlfield tag="008">060222s1000------------r-----000-0-eng-d</controlfield><datafield ind1=" " ind2=" " tag="040"><subfield code="a">IFIN-HH</subfield></datafield><datafield ind1=" " ind2=" " tag="080"><subfield code="a">533.924(061.3)</subfield></datafield><datafield ind1="1" ind2=" " tag="110"><subfield code="a">Ipat</subfield></datafield><datafield ind1="1" ind2="0" tag="245"><subfield code="a">Conference Ion Plating &amp; Allied Techniques</subfield><subfield code="b">IPAT 77 Proceedings. Edinburgh June 1977</subfield></datafield><datafield ind1=" " ind2=" " tag="260"><subfield code="a">London, Leybold-heraeus Ltd., 1977,</subfield></datafield><datafield ind1=" " ind2=" " tag="300"><subfield code="a">248P</subfield></datafield><datafield ind1=" " ind2=" " tag="490"><subfield code="a">Proceedings</subfield></datafield><datafield ind1=" " ind2=" " tag="852"><subfield code="a">46570</subfield><subfield code="c">533.9</subfield></datafield><datafield ind1=" " ind2=" " tag="CAT"><subfield code="a">Sys</subfield><subfield code="c">20100929</subfield><subfield code="h">102056</subfield></datafield></record></collection>